%-----------------------------------------------------------------------------------------------------
% AUTHOR: Soumitra Samanta 
%-----------------------------------------------------------------------------------------------------
%-----------------------------------------------------------------------------------------------------------------------
% CONFERENCE PAPER/PROCEEDINGS
%-----------------------------------------------------------------------------------------------------------------------
@inproceedings{Suraiya2016,
author = {Suraiya Jabin},
title = {Poker hand classification},
booktitle = {International Conference on Computing, Communication and Automation (ICCCA2016)},
pages = {1-5},
year = {2016},
publisher = {Faculty of Natural Sciences,Jamia Millia Islamia,},
}


%-----------------------------------------------------------------------------------------------------------------------
% JOURNAL PAPER/ARTICLES
%-----------------------------------------------------------------------------------------------------------------------
@article{Angeland2019,
author = {Thomas Angeland and Kim-Andre Engebretsen and Mustafa Numic},
title = {Poker Hand Induction: Multi-Class Classification of Extreme Imbalanced Data with
Machine Learning},
journal = {Machine Learning},
volume = {},
number = {},
pages = {1 - 26},
year = {2019},
publisher={ostfold University College}
}
@article{Cambronero2021,
author = {Walinton Cambronero},
title = {Poker Hand Dataset: A Machine Learning Analysis and a Practical Linear Transformation},
journal = {Machine Learning},
volume = {},
number = {},
pages = {1 - 11},
year = {2021},
publisher={College of Computing, Georgia Institute of Technology}
}

%-----------------------------------------------------------------------------------------------------------------------
% BOOKS
%-----------------------------------------------------------------------------------------------------------------------





%-----------------------------------------------------------------------------------------------------------------------
% TECHNICAL REPORTS
%-----------------------------------------------------------------------------------------------------------------------


%-----------------------------------------------------------------------------------------------------------------------
% OTHERS (Like url or else}
%-----------------------------------------------------------------------------------------------------------------------

@misc{misc_poker_hand_158,
  author = {Cattral,Robert and Oppacher,Franz},
  title = {Poker Hand Dataset},
  howpublished = {UCI Machine Learning Repository},
  note  = {{DOI}: https://doi.org/10.24432/C5KW38},
  year = {2007}, 
}








